@INPROCEEDINGS{2012ASPC..461..893D,
  author = {{Doe}, S. and others},
  title = {{Iris: The VAO SED Application}},
  booktitle = {Astronomical Data Analysis Software and Systems XXI},
  year = {2012},
  series = {Astronomical Society of the Pacific Conference Series},
  volume = {461},
  archiveprefix = {arXiv},
  eprint = {1205.2419},
  primaryclass = {astro-ph.IM},
  month = {sep},
  pages = {893},
  adsnote = {Provided by the SAO/NASA Astrophysics Data System},
}

@ARTICLE{2011Ap&SS.331....1W,
  author = {{Walcher}, J. and {Groves}, B. and {Budav{\'a}ri}, T. and {Dale}, D.},
  title = {{Fitting the integrated spectral energy distributions of galaxies}},
  journal = {\apss},
  year = {2011},
  month = {jan},
  volume = {331},
  pages = {1-52},
  doi = {10.1007/s10509-010-0458-z},
  adsnote = {Provided by the SAO/NASA Astrophysics Data System},
}


@ARTICLE{2013ARA&A..51..393C,
  author = {{Conroy}, C.},
  title = {{Modeling the Panchromatic Spectral Energy Distributions of Galaxies}},
  journal = {\araa},
  year = {2013},
  month = {aug},
  volume = {51},
  pages = {393-455},
  doi = {10.1146/annurev-astro-082812-141017},
  adsnote = {Provided by the SAO/NASA Astrophysics Data System},
}

@ARTICLE{2013arXiv1312.3249S,
  author = {{Solano}, E.},
  title = {{Spectral stellar libraries and the Virtual Observatory}},
  journal = {ArXiv e-prints},
  archiveprefix = {arXiv},
  eprint = {1312.3249},
  primaryclass = {astro-ph.IM},
  year = {2013},
  month = {dec},
  adsnote = {Provided by the SAO/NASA Astrophysics Data System},
}


@ARTICLE{2012arXiv1204.3055M,
  author = {{McDowell}, J. and others},
  title = {{IVOA Recommendation: Spectrum Data Model 1.1}},
  journal = {ArXiv e-prints},
  archiveprefix = {arXiv},
  eprint = {1204.3055},
  primaryclass = {astro-ph.IM},
  year = {2012},
  month = {apr},
  adsnote = {Provided by the SAO/NASA Astrophysics Data System},
}


@INPROCEEDINGS{2013AAS...22124038L,
  author = {{Laurino}, O. and {Busko}, I. and {Cresitello-Dittmar}, M. and {D'Abrusco}, R. and {Doe}, S. and {Evans}, J. and {Pevunova}, O. and {Norris}, P.},
  title = {{Constructing and Analyzing Spectral Energy Distributions with the Virtual Observatory}},
  booktitle = {American Astronomical Society Meeting Abstracts},
  year = {2013},
  series = {American Astronomical Society Meeting Abstracts},
  volume = {221},
  month = {jan},
  pages = {240.38},
  adsnote = {Provided by the SAO/NASA Astrophysics Data System},
}


@INPROCEEDINGS{2012SPIE.8449E..0IE,
  author = {{Evans}, J.~D. and others},
  title = {{Managing distributed software development in the Virtual Astronomical Observatory}},
  booktitle = {Modeling, Systems Engineering, and Project Management for Astronomy V},
  year = {2012},
  series = {Society of Photo-Optical Instrumentation Engineers (SPIE) Conference Series},
  volume = {8449},
  month = {sep},
  eid = {84490I},
  doi = {10.1117/12.927371},
  adsnote = {Provided by the SAO/NASA Astrophysics Data System},
}


@INPROCEEDINGS{2012SPIE.8449E..0HB,
  author = {{Berriman}, G.~B. and {Hanisch}, R.~J. and {Lazio}, T.~J.~W. and {Szalay}, A. and {Fabbiano}, G.},
  title = {{The organization and management of the Virtual Astronomical Observatory}},
  booktitle = {Modeling, Systems Engineering, and Project Management for Astronomy V},
  year = {2012},
  series = {Society of Photo-Optical Instrumentation Engineers (SPIE) Conference Series},
  volume = {8449},
  month = {sep},
  eid = {84490H},
  doi = {10.1117/12.926605},
  adsnote = {Provided by the SAO/NASA Astrophysics Data System},
}

@ARTICLE{2006A&A...448..861M,
  author = {{Massaro}, E. and {Tramacere}, A. and {Perri}, M. and {Giommi}, P. and {Tosti}, G.},
  title = {{Log-parabolic spectra and particle acceleration in blazars. III. SSC emission in the TeV band from Mkn501}},
  journal = {\aap},
  year = {2006},
  month = {mar},
  volume = {448},
  pages = {861-871},
  doi = {10.1051/0004-6361:20053644},
  adsnote = {Provided by the SAO/NASA Astrophysics Data System},
}

@ARTICLE{2009A&A...501..879T,
  author = {{Tramacere}, A. and {Giommi}, P. and {Perri}, M. and {Verrecchia}, F. and {Tosti}, G.},
  title = {{Swift observations of the very intense flaring activity of Mrk 421 during 2006. I. Phenomenological picture of electron acceleration and predictions for MeV/GeV emission}},
  journal = {\aap},
  year = {2009},
  month = {jul},
  volume = {501},
  pages = {879-898},
  doi = {10.1051/0004-6361/200810865},
  adsnote = {Provided by the SAO/NASA Astrophysics Data System},
}

@ARTICLE{2002ApJ...575..667D,
  author = {{Dermer}, C.~D. and {Schlickeiser}, R.},
  title = {{Transformation Properties of External Radiation Fields, Energy-Loss Rates and Scattered Spectra, and a Model for Blazar Variability}},
  journal = {\apj},
  year = {2002},
  month = {aug},
  volume = {575},
  pages = {667-686},
  doi = {10.1086/341431},
  adsnote = {Provided by the SAO/NASA Astrophysics Data System},
}

@ARTICLE{1998AJ....115.1329S,
  author = {{Sawicki}, M. and {Yee}, H.~K.~C.},
  title = {{Optical-Infrared Spectral Energy Distributions of Z > 2 Lyman Break Galaxies}},
  journal = {\aj},
  year = {1998},
  month = {apr},
  volume = {115},
  pages = {1329-1339},
  doi = {10.1086/300291},
  adsnote = {Provided by the SAO/NASA Astrophysics Data System},
}

@ARTICLE{2001ApJS..137..139S,
  author = {{Shapley}, A. and {Fabbiano}, G. and {Eskridge}, P.~B.},
  title = {{A Multivariate Statistical Analysis of Spiral Galaxy Luminosities. I. Data and Results}},
  journal = {\apjs},
  year = {2001},
  month = {nov},
  volume = {137},
  pages = {139-199},
  doi = {10.1086/322998},
  adsnote = {Provided by the SAO/NASA Astrophysics Data System},
}

@ARTICLE{2007ApJS..169..328R,
  author = {{Robitaille}, T.~P. and {Whitney}, B.~A. and {Indebetouw}, R. and {Wood}, K.},
  title = {{Interpreting Spectral Energy Distributions from Young Stellar Objects. II. Fitting Observed SEDs Using a Large Grid of Precomputed Models}},
  journal = {\apjs},
  year = {2007},
  month = {apr},
  volume = {169},
  pages = {328-352},
  doi = {10.1086/512039},
  adsnote = {Provided by the SAO/NASA Astrophysics Data System},
}

@ARTICLE{2009MNRAS.394.1496B,
  author = {{Budav{\'a}ri}, T. and {Wild}, V. and {Szalay}, A.~S. and {Dobos}, L. and {Yip}, C.-W.},
  title = {{Reliable eigenspectra for new generation surveys}},
  journal = {\mnras},
  year = {2009},
  month = {apr},
  volume = {394},
  pages = {1496-1502},
  doi = {10.1111/j.1365-2966.2009.14415.x},
  adsnote = {Provided by the SAO/NASA Astrophysics Data System},
}

@ARTICLE{2011ApJ...737...47A,
  author = {{Acquaviva}, V. and {Gawiser}, E. and {Guaita}, L.},
  title = {{Spectral Energy Distribution Fitting with Markov Chain Monte Carlo: Methodology and Application to z = 3.1 Ly{$\alpha$}-emitting Galaxies}},
  journal = {\apj},
  year = {2011},
  month = {aug},
  volume = {737},
  eid = {47},
  pages = {47},
  doi = {10.1088/0004-637X/737/2/47},
  adsnote = {Provided by the SAO/NASA Astrophysics Data System},
}

@ARTICLE{2008A&A...492..277B,
  author = {{Bayo}, A. and {Rodrigo}, C. and {Barrado Y Navascu{\'e}s}, D. and {Solano}, E. and {Guti{\'e}rrez}, R. and {Morales-Calder{\'o}n}, M. and {Allard}, F.},
  title = {{VOSA: virtual observatory SED analyzer. An application to the Collinder 69 open cluster}},
  journal = {\aap},
  year = {2008},
  month = {dec},
  volume = {492},
  pages = {277-287},
  doi = {10.1051/0004-6361:200810395},
  adsnote = {Provided by the SAO/NASA Astrophysics Data System},
}


@ARTICLE{2011arXiv1110.0528T,
  author = {{Taylor}, M. and {Boch}, T. and {Fitzpatrick}, M. and {Allan}, A. and {Paioro}, L. and {Taylor}, J. and {Tody}, D.},
  title = {{IVOA Recommendation: SAMP - Simple Application Messaging Protocol Version 1.3}},
  journal = {ArXiv e-prints},
  archiveprefix = {arXiv},
  eprint = {1110.0528},
  primaryclass = {astro-ph.IM},
  year = {2011},
  month = {oct},
  adsnote = {Provided by the SAO/NASA Astrophysics Data System},
}


@INPROCEEDINGS{2005ASPC..347...29T,
  author = {{Taylor}, M.~B.},
  title = {{TOPCAT {\&} STIL: Starlink Table/VOTable Processing Software}},
  booktitle = {Astronomical Data Analysis Software and Systems XIV},
  year = {2005},
  series = {Astronomical Society of the Pacific Conference Series},
  volume = {347},
  month = {dec},
  pages = {29},
  adsnote = {Provided by the SAO/NASA Astrophysics Data System},
}


@ARTICLE{2007ApJ...656..770S,
  author = {{Smith}, J.~D.~T. and others},
  title = {{The Mid-Infrared Spectrum of Star-forming Galaxies: Global Properties of Polycyclic Aromatic Hydrocarbon Emission}},
  journal = {\apj},
  year = {2007},
  month = {feb},
  volume = {656},
  pages = {770-791},
  doi = {10.1086/510549},
  adsnote = {Provided by the SAO/NASA Astrophysics Data System},
}

@ARTICLE{2004MNRAS.355..273C,
  author = {{Cid Fernandes}, R. and {Gu}, Q. and {Melnick}, J. and {Terlevich}, E. and {Terlevich}, R. and {Kunth}, D. and {Rodrigues Lacerda}, R. and {Joguet}, B.},
  title = {{The star formation history of Seyfert 2 nuclei}},
  journal = {\mnras},
  year = {2004},
  month = {nov},
  volume = {355},
  pages = {273-296},
  doi = {10.1111/j.1365-2966.2004.08321.x},
  adsnote = {Provided by the SAO/NASA Astrophysics Data System},
}

@ARTICLE{2000ApJ...536..571B,
  author = {{Ben{\'{\i}}tez}, N.},
  title = {{Bayesian Photometric Redshift Estimation}},
  journal = {\apj},
  year = {2000},
  month = {jun},
  volume = {536},
  pages = {571-583},
  doi = {10.1086/308947},
}

@ARTICLE{1999MNRAS.310..540A,
  author = {{Arnouts}, S. and {Cristiani}, S. and {Moscardini}, L. and {Matarrese}, S. and {Lucchin}, F. and {Fontana}, A. and {Giallongo}, E.},
  title = {{Measuring and modelling the redshift evolution of clustering: the Hubble Deep Field North}},
  journal = {\mnras},
  year = {1999},
  month = {dec},
  volume = {310},
  pages = {540-556},
  doi = {10.1046/j.1365-8711.1999.02978.x},
  adsnote = {Provided by the SAO/NASA Astrophysics Data System},
}

@ARTICLE{2006A&A...457..841I,
   author = {{Ilbert}, O. and others},
    title = "{Accurate photometric redshifts for the CFHT legacy survey calibrated using the VIMOS VLT deep survey}",
  journal = {\aap},
     year = 2006,
    month = oct,
   volume = 457,
    pages = {841-856},
      doi = {10.1051/0004-6361:20065138},
  adsnote = {Provided by the SAO/NASA Astrophysics Data System}
}


@ARTICLE{2000A&A...363..476B,
  author = {{Bolzonella}, M. and {Miralles}, J.-M. and {Pell{\'o}}, R.},
  title = {{Photometric redshifts based on standard SED fitting procedures}},
  journal = {\aap},
  eprint = {astro-ph/0003380},
  year = {2000},
  month = {nov},
  volume = {363},
  pages = {476-492},
  adsnote = {Provided by the SAO/NASA Astrophysics Data System},
}

@ARTICLE{ioc,
  author = {{Johnson}, R. E. and {Foote}, B.},
  title = {{Designing Reusable Classes}},
  journal = {{Journal of Object-Oriented Programming}},
  year = {1988},
  month = {jun},
  volume = {1},
  pages = {22-35},
  note = {\url{http://www.laputan.org/drc.html}},
}

@INPROCEEDINGS{2004SPIE.5493..137Q,
  author = {{Quinn}, P.~J. and others},
  title = {{The International Virtual Observatory Alliance: recent technical developments and the road ahead}},
  booktitle = {Optimizing Scientific Return for Astronomy through Information Technologies},
  year = {2004},
  series = {Society of Photo-Optical Instrumentation Engineers (SPIE) Conference Series},
  volume = {5493},
  month = {sep},
  pages = {137-145},
  doi = {10.1117/12.551247},
  adsnote = {Provided by the SAO/NASA Astrophysics Data System},
}

@INPROCEEDINGS{2007ASPC..376..153M,
   author = {{Mazzarella}, J.~M. and {NED Team}},
    title = "{NED for a New Era}",
booktitle = {Astronomical Data Analysis Software and Systems XVI},
     year = 2007,
   series = {Astronomical Society of the Pacific Conference Series},
   volume = 376,
    month = {oct},
    pages = {153},
  adsnote = {Provided by the SAO/NASA Astrophysics Data System}
}

@ARTICLE{2012arXiv1203.5725T,
   author = {{Tody}, D. and others},
    title = "{IVOA Recommendation: Simple Spectral Access Protocol Version 1.1}",
  journal = {ArXiv e-prints},
archivePrefix = "arXiv",
   eprint = {1203.5725},
 primaryClass = "astro-ph.IM",
     year = 2012,
    month = mar,
  adsnote = {Provided by the SAO/NASA Astrophysics Data System}
}

@INPROCEEDINGS{2000ASPC..216...79B,
   author = {{Busko}, I.},
    title = "{SPECVIEW: An Interactive Java Tool for Visualization and Analysis of Spectral Data}",
booktitle = {Astronomical Data Analysis Software and Systems IX},
     year = {2000},
   series = {Astronomical Society of the Pacific Conference Series},
   volume = {216},
    pages = {79},
  adsnote = {Provided by the SAO/NASA Astrophysics Data System}
}

@INPROCEEDINGS{2002ASPC..281..120B,
   author = {{Busko}, I.},
    title = "{Specview: a Java Tool for Spectral Visualization and Model Fitting}",
booktitle = {Astronomical Data Analysis Software and Systems XI},
     year = 2002,
   series = {Astronomical Society of the Pacific Conference Series},
   volume = 281,
    pages = {120},
  adsnote = {Provided by the SAO/NASA Astrophysics Data System}
}

@ARTICLE{2011arXiv1110.0524O,
   author = {{Ochsenbein}, F. and others},
    title = "{IVOA Recommendation: VOTable Format Definition Version 1.2}",
  journal = {ArXiv e-prints},
archivePrefix = "arXiv",
   eprint = {1110.0524},
 primaryClass = "astro-ph.IM",
     year = 2011,
    month = oct,
  adsnote = {Provided by the SAO/NASA Astrophysics Data System}
}

@INPROCEEDINGS{2001SPIE.4477...76F,
   author = {{Freeman}, P. and {Doe}, S. and {Siemiginowska}, A.},
    title = "{Sherpa: a mission-independent data analysis application}",
booktitle = {Astronomical Data Analysis},
     year = 2001,
   series = {Society of Photo-Optical Instrumentation Engineers (SPIE) Conference Series},
   volume = 4477,
    month = nov,
    pages = {76-87},
      doi = {10.1117/12.447161},
  adsnote = {Provided by the SAO/NASA Astrophysics Data System}
}

@article{Storn:1997:DEN:596061.596146, author = {Storn, Rainer and Price, Kenneth}, title = {Differential Evolution \&Ndash; A Simple and Efficient Heuristic for Global Optimization over Continuous Spaces}, journal = {J. of Global Optimization}, issue_date = {December 1997}, volume = {11}, number = {4}, month = dec, year = {1997}, issn = {0925-5001}, pages = {341--359}, numpages = {19}, doi = {10.1023/A:1008202821328}, acmid = {596146}, publisher = {Kluwer Academic Publishers}, address = {Hingham, MA, USA}}

@INPROCEEDINGS{2006SPIE.6270E..60F,
   author = {{Fruscione}, A. and others},
    title = "{CIAO: Chandra's data analysis system}",
booktitle = {Observatory Operations: Strategies, Processes, and Systems},
     year = 2006,
   series = {Society of Photo-Optical Instrumentation Engineers (SPIE) Conference Series},
   volume = 6270,
    month = jul,
      doi = {10.1117/12.671760},
  adsnote = {Provided by the SAO/NASA Astrophysics Data System}
}

