@article{cite:8,
  author = {R. Liouville and G. Bernoulli},
  title = {{On the Positivity of Conditionally Closed, Right-Simply Contravariant Scalars}},
  journal = {{J}ournal of Numerical Geometry},
  month = {aug},
  year = {1993},
  volume = {6},
  pages = {152--191},
}


@article{cite:2,
  author = {Q. Smith},
  title = {{${\ell}$-Multiply Contra-One-to-One Paths over Semi-Almost Everywhere Negative Isomorphisms}},
  journal = {{J}ournal of Homological Model Theory},
  month = {sep},
  year = {2003},
  volume = {7},
  pages = {1408--1423},
}


@article{cite:0,
  author = {Q. Tate and L. Garcia and G. Banach},
  title = {{Regularity Methods in Fuzzy Number Theory}},
  journal = {{A}rchives of the {M}oldovan {M}athematical {S}ociety},
  month = {aug},
  year = {1995},
  volume = {0},
  pages = {78--93},
}


@INPROCEEDINGS{2012ASPC..461..893D,
  author = {{Doe}, S. and {Bonaventura}, N. and {Busko}, I. and {D'Abrusco}, R. and {Cresitello-Dittmar}, M. and {Ebert}, R. and {Evans}, J. and {Laurino}, O. and {McDowell}, J. and {Pevunova}, O. and {Refsdal}, B.},
  title = {{Iris: The VAO SED Application}},
  booktitle = {Astronomical Data Analysis Software and Systems XXI},
  year = {2012},
  series = {Astronomical Society of the Pacific Conference Series},
  volume = {461},
  archiveprefix = {arXiv},
  eprint = {1205.2419},
  primaryclass = {astro-ph.IM},
  editor = {{Ballester}, P. and {Egret}, D. and {Lorente}, N.~P.~F.},
  month = {sep},
  pages = {893},
  adsurl = {http://adsabs.harvard.edu/abs/2012ASPC..461..893D},
  adsnote = {Provided by the SAO/NASA Astrophysics Data System},
}


@ARTICLE{2011Ap&SS.331....1W,
  author = {{Walcher}, J. and {Groves}, B. and {Budav{\'a}ri}, T. and {Dale}, D.},
  title = {{Fitting the integrated spectral energy distributions of galaxies}},
  journal = {\apss},
  archiveprefix = {arXiv},
  eprint = {1008.0395},
  primaryclass = {astro-ph.CO},
  keywords = {Methods: data analysis, Radiation mechanisms: general, Techniques: photometric, Techniques: spectroscopic, Galaxies: ISM, Galaxies: stellar content},
  year = {2011},
  month = {jan},
  volume = {331},
  pages = {1-52},
  doi = {10.1007/s10509-010-0458-z},
  adsurl = {http://adsabs.harvard.edu/abs/2011Ap%26SS.331....1W},
  adsnote = {Provided by the SAO/NASA Astrophysics Data System},
}


@ARTICLE{2013ARA&A..51..393C,
  author = {{Conroy}, C.},
  title = {{Modeling the Panchromatic Spectral Energy Distributions of Galaxies}},
  journal = {\araa},
  archiveprefix = {arXiv},
  eprint = {1301.7095},
  primaryclass = {astro-ph.CO},
  year = {2013},
  month = {aug},
  volume = {51},
  pages = {393-455},
  doi = {10.1146/annurev-astro-082812-141017},
  adsurl = {http://adsabs.harvard.edu/abs/2013ARA%26A..51..393C},
  adsnote = {Provided by the SAO/NASA Astrophysics Data System},
}


@ARTICLE{2013arXiv1312.3249S,
  author = {{Solano}, E.},
  title = {{Spectral stellar libraries and the Virtual Observatory}},
  journal = {ArXiv e-prints},
  archiveprefix = {arXiv},
  eprint = {1312.3249},
  primaryclass = {astro-ph.IM},
  keywords = {Astrophysics - Instrumentation and Methods for Astrophysics, Astrophysics - Solar and Stellar Astrophysics},
  year = {2013},
  month = {dec},
  adsurl = {http://adsabs.harvard.edu/abs/2013arXiv1312.3249S},
  adsnote = {Provided by the SAO/NASA Astrophysics Data System},
}
